<record><leader>00000cas a22000007a 4500</leader><controlfield tag="001">13392319</controlfield><controlfield tag="008">860404d18721873wvuwr ne      0    0eng d</controlfield><datafield ind1=" " ind2=" " tag="010"><subfield code="a">sn 86092435 </subfield></datafield><datafield ind1=" " ind2=" " tag="040"><subfield code="a">WVC</subfield><subfield code="b">eng</subfield><subfield code="c">WVC</subfield><subfield code="d">OCL</subfield><subfield code="d">NVK</subfield><subfield code="d">OCLCQ</subfield><subfield code="d">OCLCF</subfield><subfield code="d">OCLCO</subfield></datafield><datafield ind1="1" ind2=" " tag="029"><subfield code="a">AU@</subfield><subfield code="b">000021385300</subfield></datafield><datafield ind1=" " ind2=" " tag="042"><subfield code="a">msc</subfield></datafield><datafield ind1=" " ind2=" " tag="043"><subfield code="a">n-us-wv</subfield></datafield><datafield ind1="0" ind2="4" tag="245"><subfield code="a">The Daily times and gazette.</subfield></datafield><datafield ind1="3" ind2=" " tag="246"><subfield code="a">Times and gazette</subfield></datafield><datafield ind1=" " ind2=" " tag="260"><subfield code="a">Parkersburg, W. Va. :</subfield><subfield code="b">Times and Gazette Print. Co.,</subfield><subfield code="c">1872-</subfield></datafield><datafield ind1=" " ind2=" " tag="300"><subfield code="a">v.</subfield></datafield><datafield ind1=" " ind2=" " tag="310"><subfield code="a">Daily</subfield></datafield><datafield ind1="0" ind2=" " tag="362"><subfield code="a">Vol. 1, no. 1 (June 20, 1872)-</subfield></datafield><datafield ind1="1" ind2=" " tag="362"><subfield code="a">Ceased in 1873?</subfield></datafield><datafield ind1=" " ind2=" " tag="530"><subfield code="a">Available on microfilm frm U.M.I.</subfield></datafield><datafield ind1=" " ind2="0" tag="651"><subfield code="a">Parkersburg (W. Va.)</subfield><subfield code="v">Newspapers.</subfield></datafield><datafield ind1=" " ind2="7" tag="655"><subfield code="a">Newspapers.</subfield><subfield code="2">fast</subfield><subfield code="0">(OCoLC)fst01423814</subfield></datafield><datafield ind1=" " ind2="7" tag="651"><subfield code="a">West Virginia</subfield><subfield code="z">Parkersburg.</subfield><subfield code="2">fast</subfield><subfield code="0">(OCoLC)fst01214465</subfield></datafield><datafield ind1=" " ind2=" " tag="752"><subfield code="a">United States</subfield><subfield code="b">West Virginia</subfield><subfield code="c">Wood</subfield><subfield code="d">Parkersburg.</subfield></datafield><datafield ind1="0" ind2=" " tag="775"><subfield code="t">Weekly times and gazette</subfield><subfield code="w">(DLC)sn 84026815</subfield></datafield><datafield ind1="0" ind2="4" tag="780"><subfield code="t">Daily times (Parkersburg, W. Va. : 1869)</subfield><subfield code="w">(DLC)sn 86092436</subfield></datafield><datafield ind1="0" ind2="4" tag="780"><subfield code="t">Daily gazette (Parkersburg, W. Va.)</subfield><subfield code="w">(DLC)sn 86092446</subfield></datafield><datafield ind1="0" ind2="0" tag="785"><subfield code="t">Daily times (Parkersburg, W. Va. : 1873)</subfield><subfield code="w">(DLC)sn 84026814</subfield></datafield></record>